%% This BibTeX bibliography file was created using BibDesk.
%% http://bibdesk.sourceforge.net/


%% Created for Jhonatan Oliveira at 2016-02-16 21:43:02 -0600 


%% Saved with string encoding Unicode (UTF-8) 



@article{Zhao2015,
author = {Zhao, Han and Melibari, Mazen and Poupart, Pascal},
title = {{On the Relationship between Sum-Product Networks and Bayesian Networks.}},
journal = {ICML},
year = {2015},
pages = {116--124}
}




@book{Darwiche2009,
author = {Darwiche, Adnan},
title = {{Modeling and Reasoning with Bayesian Networks}},
publisher = {Cambridge University Press},
year = {2009},
edition = {1}
}




@article{Zhao2015,
author = {Zhao, Han and Melibari, Mazen and Poupart, Pascal},
title = {{On the Relationship between Sum-Product Networks and Bayesian Networks.}},
journal = {ICML},
year = {2015},
pages = {116--124}
}



@book{koll09,
	Author = {D. Koller and N. Friedman},
	Date-Added = {2013-11-01 18:09:14 +0000},
	Date-Modified = {2014-02-13 16:45:45 +0000},
	Publisher = {MIT Press},
	Title = {Probabilistic Graphical Models: Principles and Techniques},
	Year = {2009}}


@article{Poon2011,
author = {Poon, Hoifung and Domingos, Pedro M},
title = {{Sum-Product Networks: A New Deep Architecture.}},
journal = {UAI},
year = {2011},
pages = {337--346}
}




@article{Traversa:2014vl,
author = {Traversa, Fabio L and Ramella, Chiara and Bonani, Fabrizio and Di Ventra, Massimiliano},
title = {{Memcomputing NP-complete problems in polynomial time using polynomial resources and collective states}},
year = {2014},
eprint = {1411.4798v3},
eprinttype = {arxiv},
month = nov
}



@article{shortestPath,
	Author = {Ahuja, Ravindra K.; and Mehlhorn, Kurt and Orlin, James and Tarjan, Robert E},
	Date-Added = {2016-02-17 03:42:03 +0000},
	Date-Modified = {2016-02-17 03:43:00 +0000},
	Journal = {Journal of the ACM},
	Number = {2},
	Pages = {213--22},
	Title = {Faster algorithms for the shortest path problem},
	Volume = {37},
	Year = {1990}}

@article{DiVentra:2012fh,
	Author = {Di Ventra, M and Pershin, Y V},
	Eprint = {1211.4487v2},
	Eprintclass = {cs.ET},
	Eprinttype = {arxiv},
	Journal = {arXiv.org},
	Month = nov,
	Number = {4},
	Pages = {200--202},
	Title = {{Memcomputing: a computing paradigm to store and process information on the same physical platform}},
	Year = {2012}}

@article{Backus:1978:PLV:359576.359579,
	Acmid = {359579},
	Address = {New York, NY, USA},
	Author = {Backus, John},
	Doi = {10.1145/359576.359579},
	Issn = {0001-0782},
	Issue_Date = {Aug. 1978},
	Journal = {Commun. ACM},
	Keywords = {algebra of programs, applicative computing systems, applicative state transition systems, combining forms, functional forms, functional programming, metacomposition, models of computing systems, program correctness, program termination, program transformation, programming languages, von Neumann computers, von Neumann languages},
	Month = aug,
	Number = {8},
	Numpages = {29},
	Pages = {613--641},
	Publisher = {ACM},
	Title = {Can Programming Be Liberated from the Von Neumann Style? - {A} Functional Style and Its Algebra of Programs},
	Url = {http://doi.acm.org/10.1145/359576.359579},
	Volume = {21},
	Year = {1978},
	Bdsk-Url-1 = {http://doi.acm.org/10.1145/359576.359579},
	Bdsk-Url-2 = {http://dx.doi.org/10.1145/359576.359579}}

@article{turing48,
	Author = {Alan M. Turing},
	Date-Added = {2016-02-16 03:43:57 +0000},
	Date-Modified = {2016-02-16 03:45:10 +0000},
	Journal = {Cybernetics: Key Papers},
	Title = {Intelligent Machinery},
	Volume = {4},
	Year = {1948}}

@webpage{meteor,
	Author = {Meteor},
	Date-Added = {2016-01-23 21:40:17 +0000},
	Date-Modified = {2016-01-23 21:40:17 +0000},
	Url = {https://www.meteor.com},
	Year = {2016},
	Bdsk-Url-1 = {https://www.meteor.com}}

@webpage{node,
	Author = {Node.js},
	Date-Added = {2016-01-23 21:40:17 +0000},
	Date-Modified = {2016-01-23 21:40:17 +0000},
	Url = {https://nodejs.org},
	Year = {2016},
	Bdsk-Url-1 = {https://nodejs.org}}

@webpage{mongo,
	Author = {Mongo},
	Date-Added = {2016-01-23 21:37:19 +0000},
	Date-Modified = {2016-01-23 21:40:38 +0000},
	Url = {https://www.mongodb.org},
	Year = {2016},
	Bdsk-Url-1 = {https://www.mongodb.org}}

@webpage{skybreak,
	Author = {Skybreak},
	Date-Added = {2016-01-23 21:40:17 +0000},
	Date-Modified = {2016-01-23 21:40:17 +0000},
	Url = {http://info.meteor.com/blog/skybreak-is-now-meteor},
	Year = {2012},
	Bdsk-Url-1 = {http://info.meteor.com/blog/skybreak-is-now-meteor}}

@book{Strauch12,
	Author = {Christof Strauch},
	Date-Added = {2016-01-23 21:21:38 +0000},
	Date-Modified = {2016-01-23 21:22:42 +0000},
	Publisher = {Stuttgart Media University},
	Title = {NoSQL Databases},
	Year = {2012}}

@webpage{reactive2014,
	Author = {Jonas Bon{\'e}r and Dave Farley and Roland Kuhn and Martin Thompson},
	Date-Added = {2016-01-23 21:08:28 +0000},
	Date-Modified = {2016-01-23 21:11:16 +0000},
	Lastchecked = {January 23, 2016},
	Month = {September},
	Title = {The Reactive Manifesto},
	Url = {http://www.reactivemanifesto.org},
	Year = {2014},
	Bdsk-Url-1 = {http://www.reactivemanifesto.org}}

@webpage{oreilly2005,
	Author = {Tim O'Reilly},
	Date-Added = {2016-01-23 20:59:26 +0000},
	Date-Modified = {2016-01-23 21:11:36 +0000},
	Lastchecked = {January 23th, 2016},
	Month = {September},
	Title = {Design Patterns and Business Models for the Next Generation of Software},
	Url = {http://www.oreilly.com/pub/a/web2/archive/what-is-web-20.html},
	Year = {2005},
	Bdsk-Url-1 = {http://www.oreilly.com/pub/a/web2/archive/what-is-web-20.html}}

@webpage{ycomb,
	Author = {Erin Griffith},
	Date-Added = {2016-01-23 20:59:26 +0000},
	Date-Modified = {2016-01-23 21:11:36 +0000},
	Lastchecked = {January 23th, 2016},
	Month = {July},
	Title = {First GitHub, Now Meteor: Andreessen Horowitz Backs Another Developer Favorite},
	Url = {https://pando.com/2012/07/25/first-github-now-meteor-andreessen-horowitz-backs-another-developer-favorites/},
	Year = {2012},
	Bdsk-Url-1 = {https://pando.com/2012/07/25/first-github-now-meteor-andreessen-horowitz-backs-another-developer-favorites/}}

@webpage{fathom,
	Author = {Frederic Lardinois},
	Date-Added = {2016-01-23 20:59:26 +0000},
	Date-Modified = {2016-01-23 21:11:36 +0000},
	Lastchecked = {January 23th, 2016},
	Month = {October},
	Title = {Meteor Acquires YC Alum FathomDB For Its Development Platform},
	Url = {http://techcrunch.com/2014/10/07/meteor-acquires-yc-alum-fathomdb-for-its-web-development-platform/},
	Year = {2016},
	Bdsk-Url-1 = {http://techcrunch.com/2014/10/07/meteor-acquires-yc-alum-fathomdb-for-its-web-development-platform/}}

@article{SharmaTWGS14,
	Author = {Sugam Sharma and Udoyara Sunday Tim and Johnny S. Wong and Shashi K. Gadia and Subhash Sharma},
	Journal = {Data Science Journal},
	Pages = {138--157},
	Title = {A Brief Review on Leading Big Data Models},
	Volume = {13},
	Year = {2014}}
