%% This BibTeX bibliography file was created using BibDesk.
%% http://bibdesk.sourceforge.net/


%% Created for Jhonatan Oliveira at 2016-01-23 15:40:38 -0600 


%% Saved with string encoding Unicode (UTF-8) 



@webpage{meteor,
	Author = {Meteor},
	Date-Added = {2016-01-23 21:40:17 +0000},
	Date-Modified = {2016-01-23 21:40:17 +0000},
	Url = {https://www.meteor.com},
	Year = {2012},
	Bdsk-Url-1 = {https://www.meteor.com}}

@webpage{mongo,
	Author = {Mongo},
	Date-Added = {2016-01-23 21:37:19 +0000},
	Date-Modified = {2016-01-23 21:40:38 +0000},
	Url = {https://www.mongodb.org},
	Year = {2009}}

@book{Strauch12,
	Author = {Christof Strauch},
	Date-Added = {2016-01-23 21:21:38 +0000},
	Date-Modified = {2016-01-23 21:22:42 +0000},
	Publisher = {Stuttgart Media University},
	Title = {NoSQL Databases},
	Year = {2012}}

@webpage{reactive2014,
	Author = {Jonas Bon{\'e}r and Dave Farley and Roland Kuhn and Martin Thompson},
	Date-Added = {2016-01-23 21:08:28 +0000},
	Date-Modified = {2016-01-23 21:11:16 +0000},
	Lastchecked = {January 23, 2016},
	Month = {September},
	Title = {The Reactive Manifesto},
	Url = {http://www.reactivemanifesto.org},
	Year = {2014},
	Bdsk-Url-1 = {http://www.reactivemanifesto.org}}

@webpage{oreilly2005,
	Author = {Tim O'Reilly},
	Date-Added = {2016-01-23 20:59:26 +0000},
	Date-Modified = {2016-01-23 21:11:36 +0000},
	Lastchecked = {January 23th, 2016},
	Month = {September},
	Title = {Design Patterns and Business Models for the Next Generation of Software},
	Url = {http://www.oreilly.com/pub/a/web2/archive/what-is-web-20.html},
	Year = {2005},
	Bdsk-Url-1 = {http://www.oreilly.com/pub/a/web2/archive/what-is-web-20.html}}

@article{SharmaTWGS14,
	Author = {Sugam Sharma and Udoyara Sunday Tim and Johnny S. Wong and Shashi K. Gadia and Subhash Sharma},
	Journal = {Data Science Journal},
	Pages = {138--157},
	Title = {A Brief Review on Leading Big Data Models},
	Volume = {13},
	Year = {2014}}
